@article{Package-Management-Systems,
    title = "Package Management Systems",
    author = "Diomidis Spinellis",
    journaltitle  = {Athens University of Economics },
    url = "",
    year = {2012}
}

@online{flatpak-future,
    title         = {Response to "Flatpak Is Not the Future"},
    author = {Hari Rana},
    url           = {https://theevilskeleton.gitlab.io/2022/05/16/response-to-flatpak-is-not-the-future.html}
}

@online{hyperfine,
    title         = {Oprogramowanie Hyperfine},
    url           = {https://github.com/sharkdp/hyperfine}
}